<record><leader>00000cas a2200000 a 4500</leader><controlfield tag="001">28240001</controlfield><controlfield tag="008">930609d191u1926caudn ne      0    0eng c</controlfield><datafield ind1=" " ind2=" " tag="010"><subfield code="a">sn 93053302 </subfield></datafield><datafield ind1=" " ind2=" " tag="040"><subfield code="a">CNK</subfield><subfield code="b">eng</subfield><subfield code="c">CNK</subfield><subfield code="d">OCLCQ</subfield><subfield code="d">CNK</subfield><subfield code="d">OCLCQ</subfield><subfield code="d">OCLCF</subfield><subfield code="d">OCLCO</subfield></datafield><datafield ind1="1" ind2=" " tag="029"><subfield code="a">AU@</subfield><subfield code="b">000020039540</subfield></datafield><datafield ind1=" " ind2=" " tag="042"><subfield code="a">pcc</subfield></datafield><datafield ind1=" " ind2=" " tag="043"><subfield code="a">n-us-ca</subfield></datafield><datafield ind1="0" ind2="0" tag="245"><subfield code="a">Pacific Grove daily review.</subfield></datafield><datafield ind1="3" ind2=" " tag="246"><subfield code="a">Morning Pacific Grove daily review</subfield></datafield><datafield ind1="1" ind2="3" tag="246"><subfield code="a">Morning Pacific Grove review</subfield><subfield code="f">Sept. 8-26, 1926</subfield></datafield><datafield ind1="1" ind2="3" tag="246"><subfield code="a">Evening Pacific Grove review</subfield><subfield code="f">Sept. 27-Nov. 30, 1926</subfield></datafield><datafield ind1=" " ind2=" " tag="260"><subfield code="a">Pacific Grove, Monterey County, Calif. :</subfield><subfield code="b">A.B. Smith</subfield></datafield><datafield ind1=" " ind2=" " tag="300"><subfield code="a">v.</subfield></datafield><datafield ind1=" " ind2=" " tag="310"><subfield code="a">Daily (except Sun.)</subfield></datafield><datafield ind1="0" ind2=" " tag="362"><subfield code="a">-v. 42, no. 30 (Nov. 30, 1926).</subfield></datafield><datafield ind1=" " ind2=" " tag="500"><subfield code="a">"Morning" appears in small print above "Pacific Grove Daily Review," Apr. 20-Sept. 25, 1926.</subfield></datafield><datafield ind1=" " ind2=" " tag="530"><subfield code="a">Master negatives are available for duplication from:</subfield><subfield code="b">California Newspaper Microfilm Archive;</subfield><subfield code="c">positive copies may be purchased by the reel; for further information consult the CNMA at:</subfield><subfield code="u">http://cbsr.ucr.edu</subfield></datafield><datafield ind1=" " ind2=" " tag="588"><subfield code="a">Description based on: Vol. 22, no. 124 (Sept. 7, 1915).</subfield></datafield><datafield ind1=" " ind2="0" tag="651"><subfield code="a">Pacific Grove (Calif.)</subfield><subfield code="v">Newspapers.</subfield></datafield><datafield ind1=" " ind2="7" tag="655"><subfield code="a">Newspapers.</subfield><subfield code="2">fast</subfield><subfield code="0">(OCoLC)fst01423814</subfield></datafield><datafield ind1=" " ind2="7" tag="651"><subfield code="a">California</subfield><subfield code="z">Pacific Grove.</subfield><subfield code="2">fast</subfield><subfield code="0">(OCoLC)fst01206167</subfield></datafield><datafield ind1=" " ind2=" " tag="752"><subfield code="a">United States</subfield><subfield code="b">California</subfield><subfield code="c">Monterey</subfield><subfield code="d">Pacific Grove.</subfield></datafield><datafield ind1="0" ind2="0" tag="780"><subfield code="t">Daily review (Pacific Grove, Calif. : 1905)</subfield><subfield code="w">(DLC)sn 93051056</subfield></datafield><datafield ind1="0" ind2="0" tag="785"><subfield code="t">Peninsular review and Pacific Grove daily review</subfield><subfield code="w">(DLC)sn 98061749</subfield></datafield></record>